<record><leader>00000cas a2200000 a 4500</leader><controlfield tag="001">42340530</controlfield><controlfield tag="007">hd afb022bucu</controlfield><controlfield tag="007">hd bfb022bubu</controlfield><controlfield tag="008">820922d18881889wauwr nea     0   a0eng c</controlfield><datafield ind1=" " ind2=" " tag="010"><subfield code="a">  2007252521</subfield></datafield><datafield ind1=" " ind2=" " tag="040"><subfield code="a">Wa</subfield><subfield code="b">eng</subfield><subfield code="c">WRJ</subfield><subfield code="d">OCL</subfield><subfield code="d">WAU</subfield><subfield code="d">OCLCQ</subfield><subfield code="d">OCLCF</subfield></datafield><datafield ind1="1" ind2=" " tag="029"><subfield code="a">AU@</subfield><subfield code="b">000041732111</subfield></datafield><datafield ind1=" " ind2=" " tag="042"><subfield code="a">pcc</subfield></datafield><datafield ind1=" " ind2=" " tag="043"><subfield code="a">n-us-wa</subfield></datafield><datafield ind1="0" ind2=" " tag="082"><subfield code="a">071.9777</subfield><subfield code="2">19</subfield></datafield><datafield ind1="0" ind2="4" tag="245"><subfield code="a">The Sunday budget</subfield><subfield code="h">[microform].</subfield></datafield><datafield ind1=" " ind2=" " tag="260"><subfield code="a">Seattle, W.T. :</subfield><subfield code="b">S.R. Frazier</subfield></datafield><datafield ind1=" " ind2=" " tag="300"><subfield code="a">v. :</subfield><subfield code="b">ill.</subfield></datafield><datafield ind1=" " ind2=" " tag="310"><subfield code="a">Weekly</subfield></datafield><datafield ind1="1" ind2=" " tag="362"><subfield code="a">Began in 1888?</subfield><subfield code="z">Cf. American newspapers, 1821-1936.</subfield></datafield><datafield ind1=" " ind2=" " tag="580"><subfield code="a">Merged with: Seattle Sunday standard, to become: Seattle budget.</subfield></datafield><datafield ind1=" " ind2=" " tag="588"><subfield code="a">Description based on: 1st yr. (Feb. 2, 1889).</subfield></datafield><datafield ind1=" " ind2=" " tag="533"><subfield code="a">Microfilm.</subfield><subfield code="b">Seattle, Wash. :</subfield><subfield code="c">University of Washington Library,</subfield><subfield code="d">1983.</subfield><subfield code="e">1 microfilm reel ; 35 mm.</subfield><subfield code="n">Filmed with other titles.</subfield></datafield><datafield ind1=" " ind2="0" tag="651"><subfield code="a">Seattle (Wash.)</subfield><subfield code="v">Periodicals.</subfield></datafield><datafield ind1=" " ind2="7" tag="655"><subfield code="a">Periodicals.</subfield><subfield code="2">fast</subfield><subfield code="0">(OCoLC)fst01411641</subfield></datafield><datafield ind1=" " ind2="7" tag="651"><subfield code="a">Washington (State)</subfield><subfield code="z">Seattle.</subfield><subfield code="2">fast</subfield><subfield code="0">(OCoLC)fst01204940</subfield></datafield><datafield ind1=" " ind2=" " tag="752"><subfield code="a">United States</subfield><subfield code="b">Washington</subfield><subfield code="c">King</subfield><subfield code="d">Seattle.</subfield></datafield><datafield ind1="1" ind2=" " tag="776"><subfield code="c">Original</subfield><subfield code="w">(DLC)sn 87093410</subfield><subfield code="w">(OCoLC)17285557</subfield></datafield><datafield ind1="1" ind2="7" tag="785"><subfield code="t">Seattle Sunday standard</subfield></datafield><datafield ind1="1" ind2="7" tag="785"><subfield code="t">Seattle budget</subfield></datafield></record>